@misc{wiedemann2019,
   author       = {Dennis Wiedemann},
   title        = {CalcOPP},
   note         = {Calculation of One-Particle Potentials},
   institution  = {Technische Universit{\"a}t Berlin},
   year         = {2019},
   doi          = {10.5281/zenodo.2530346},
   howpublished = "\url{https://doi.org/10.5281/zenodo.2530346}",
   url          = {https://doi.org/10.5281/zenodo.2530346}
}