@misc{wiedemann2021,
   author       = {Dennis Wiedemann},
   title        = {CalcOPP},
   note         = {Calculation of One-Particle Potentials},
   institution  = {Technische Universit{\"a}t Berlin},
   year         = {2021},
   doi          = {10.5281/zenodo.2530345},
   howpublished = "\url{https://doi.org/10.5281/zenodo.2530345}",
   url          = {https://doi.org/10.5281/zenodo.2530345}
}
